<?xml version="1.0" encoding="UTF-8"?><collection xmlns="http://www.loc.gov/MARC21/slim"><record><leader>00533nam--2200205-u-4500</leader><controlfield tag="001">000051222</controlfield><controlfield tag="002">20161230</controlfield><controlfield tag="005">20161230201049</controlfield><controlfield tag="008">080602s1000------------r-----000-0-eng-d</controlfield><datafield ind1=" " ind2=" " tag="020"><subfield code="a">0-387-98593-x</subfield></datafield><datafield ind1=" " ind2=" " tag="040"><subfield code="a">IFIN-HH</subfield></datafield><datafield ind1=" " ind2=" " tag="080"><subfield code="a">514.7</subfield></datafield><datafield ind1="1" ind2=" " tag="100"><subfield code="a">Lang, Serge</subfield></datafield><datafield ind1="1" ind2="0" tag="245"><subfield code="a">Fundamentals of Differential Geometry</subfield><subfield code="c">Serge Lang</subfield></datafield><datafield ind1=" " ind2=" " tag="260"><subfield code="a">New York</subfield><subfield code="b">Springer</subfield><subfield code="c">1999</subfield></datafield><datafield ind1=" " ind2=" " tag="300"><subfield code="a">535 p</subfield></datafield><datafield ind1=" " ind2=" " tag="490"><subfield code="a">Graduate Texts in Mathematics</subfield><subfield code="v">vol. 191</subfield></datafield><datafield ind1="1" ind2=" " tag="700"><subfield code="a">Serge Lang</subfield></datafield><datafield ind1=" " ind2=" " tag="852"><subfield code="a">81541</subfield><subfield code="c">513.73</subfield></datafield><datafield ind1=" " ind2=" " tag="CAT"><subfield code="a">Sys</subfield><subfield code="c">20080602</subfield><subfield code="h">122234</subfield></datafield></record></collection>